@book{Berg:2008,
	title        = {Computational Geometry: Algorithms and Applications},
	author       = {Berg, Mark de and Cheong, Otfried and Kreveld, Marc van and Overmars, Mark},
	year         = 2008,
	publisher    = {Springer-Verlag TELOS},
	address      = {Santa Clara, CA, USA},
	isbn         = {3540779736, 9783540779735},
	edition      = {3rd ed.}
}
